% This file was created with JabRef 2.7.
% Encoding: Cp1252

@ARTICLE{cavusfeygintendick,
  author = {Murat Cenk \c{C}avu\c{s}o\u{g}lu and David Feygin and Frank Tendick},
  title = {A Critical Study of the Mechanical and Electrical Properties of the
	PHANToM Haptic Interface and Improvements for High Performance Control},
  journal = {Presence: Teleoperators and Virtual Environments},
  year = {2002},
  volume = {11},
  pages = {555-568},
  number = {6},
  doi = {10.1162/105474602321050695}
}

@ARTICLE{cavusoglu,
  author = {Murat Cenk \c{C}avu\c{s}o\u{g}lu and Sherman, A. and Tendick, F.},
  title = {Design of bilateral teleoperation controllers for haptic exploration
	and telemanipulation of soft environments},
  journal = {IEEE Transactions on Robotics and Automation},
  year = {2002},
  volume = {18},
  pages = { 641 - 647},
  number = {4},
  month = aug,
  doi = {10.1109/TRA.2002.802199},
  issn = {1042-296X}
}

@ARTICLE{adamshan2,
  author = {R.J. Adams and B. Hannaford},
  title = {Control law design for haptic interfaces to virtual reality},
  journal = {IEEE Transactions on Control Systems Technology},
  year = {2002},
  volume = {10},
  pages = {3-13},
  number = {1},
  month = jan,
  doi = {10.1109/87.974333},
  issn = {1063-6536}
}

@ARTICLE{adamshan,
  author = {R.J. Adams and B. Hannaford},
  title = {Stable haptic interaction with virtual environments},
  journal = {IEEE Transactions on Robotics and Automation},
  year = {1999},
  volume = {15},
  pages = {465-474},
  number = {3},
  month = jun,
  doi = {10.1109/70.768179},
  issn = {1042-296X}
}

@ARTICLE{andersonspong,
  author = {R.J. Anderson and M.W. Spong},
  title = {Bilateral control of teleoperators with time delay},
  journal = {IEEE Transactions on Automatic Control},
  year = {1989},
  volume = {34},
  pages = {494--501},
  number = {5},
  month = may,
  doi = {10.1109/9.24201},
  issn = {0018-9286}
}

@INPROCEEDINGS{andrifour,
  author = {C. Andriot and Raymond Fournier},
  title = {{Bilateral control of teleoperators with flexible joints by the {$H_\infty$}
	approach}},
  booktitle = {Telemanipulator Technology},
  year = {1993},
  editor = {Hari Das},
  volume = {1833},
  number = {1},
  pages = {80-91},
  publisher = {SPIE},
  doi = {10.1117/12.142099},
  location = {Boston, MA, USA}
}

@ARTICLE{arcara,
  author = {Paolo Arcara and Claudio Melchiorri},
  title = {Control schemes for teleoperation with time delay: A comparative
	study},
  journal = {Robotics and Autonomous Systems},
  year = {2002},
  volume = {38},
  pages = {49 - 64},
  number = {1},
  doi = {10.1016/S0921-8890(01)00164-6},
  issn = {0921-8890}
}

@ARTICLE{ariba,
  author = {Ariba, Yassine and Gouaisbaut, Frédéric},
  title = {An augmented model for robust stability analysis of time-varying
	delay systems},
  journal = {International Journal of Control},
  year = {2009},
  volume = {82},
  pages = {1616- 1626},
  number = {9}
}

@ARTICLE{aziminejad,
  author = {A. Aziminejad and M. Tavakoli and R. V. Patel and M. Moallem},
  title = {Transparent Time-Delayed Bilateral Teleoperation Using Wave Variables},
  journal = {IEEE Transactions on Control Systems Technology},
  year = {2008},
  volume = {16},
  pages = {548 -- 555},
  number = {3},
  month = May,
  doi = {10.1109/TCST.2007.908222}
}

@ARTICLE{balakrishnan,
  author = {Balakrishnan, V.},
  title = {Lyapunov functionals in complex $\mu$-analysis},
  journal = {IEEE Transactions on Automatic Control},
  year = {2002},
  volume = {47},
  pages = { 1466 - 1479},
  number = {9},
  month = sep,
  doi = {10.1109/TAC.2002.802766},
  issn = {0018-9286}
}

@INPROCEEDINGS{bhpdoyle,
  author = {Balakrishnan, V. and Huang, Y. and Packard, A. and Doyle, J.},
  title = {Linear matrix inequalities in analysis with multipliers},
  booktitle = {American Control Conference, 1994},
  year = {1994},
  volume = {2},
  pages = {1228-1232},
  month = jun,
  doi = {10.1109/ACC.1994.752254}
}

@ARTICLE{bolinder,
  author = {E. Folke Bolinder},
  title = {Survey of Some Properties of Linear Networks},
  journal = {IRE Transactions on Circuit Theory},
  year = {1957},
  volume = {4},
  pages = {70-78},
  number = {3},
  month = sep,
  doi = {10.1109/TCT.1957.1086385},
  issn = {0096-2007}
}

@INPROCEEDINGS{boukhnifer,
  author = {Boukhnifer, M. and Ferreira, A. and Fontaine, J.G.},
  title = {Loop Shaping Robust Control for Scaled Teleoperation System},
  booktitle = {44th IEEE Conference on Decision and Control and European Control
	Conference. CDC-ECC},
  year = {2005},
  pages = {7894-7899},
  month = dec,
  doi = {10.1109/ROBOT.2004.1302439}
}

@BOOK{lmiboydbook,
  title = {Linear Matrix Inequalities in System and Control Theory},
  publisher = {Society for Industrial and Applied Mathematics (SIAM)},
  year = {1994},
  author = {S. Boyd and L. El Ghaoui and E. Feron and V. Balakrishnan},
  volume = {15},
  series = {Studies in Applied Mathematics}
}

@ARTICLE{buergerhogan1,
  author = {Buerger, S.P. and Hogan, N.},
  title = {Complementary Stability and Loop Shaping for Improved Human--Robot
	Interaction},
  journal = {IEEE Transactions on Robotics},
  year = {2007},
  volume = {23},
  pages = {232 -244},
  number = {2},
  month = {april},
  doi = {10.1109/TRO.2007.892229},
  issn = {1552-3098}
}

@ARTICLE{chopark,
  author = {Hyun Chul Cho and Jong Hyeon Park},
  title = {Impedance Control with Variable Damping for Bilateral Teleoperation
	under Time Delay},
  journal = {JSME International Journal Series C Mechanical Systems, Machine Elements
	and Manufacturing},
  year = {2005},
  volume = {48},
  pages = {695-703},
  number = {4}
}

@INPROCEEDINGS{cholee,
  author = {Jang Ho Cho and Doo Yong Lee},
  title = {Gain-scheduling control of a teleoperation system},
  booktitle = {IEEE International Systems, Man and Cybernetics (SMC) Conference
	on},
  year = {2009},
  pages = {1489 -1495},
  month = oct,
  doi = {10.1109/ICSMC.2009.5346263},
  issn = {1062-922X}
}

@INPROCEEDINGS{chopra,
  author = {Nikhil Chopra},
  title = {Passivity results for interconnected systems with time delay},
  booktitle = {47th IEEE Conference on Decision and Control (CDC)},
  year = {2008},
  pages = {4620 -4625},
  month = dec,
  doi = {10.1109/CDC.2008.4739368},
  issn = {0191-2216}
}

@ARTICLE{chopraspong,
  author = {Nikhil Chopra and Mark W. Spong and Rogelio Lozano},
  title = {Synchronization of bilateral teleoperators with time delay},
  journal = {Automatica},
  year = {2008},
  volume = {44},
  pages = {2142 - 2148},
  number = {8},
  doi = {10.1016/j.automatica.2007.12.002},
  issn = {0005-1098}
}

@ARTICLE{chopratro06,
  author = {Nikhil Chopra and Mark W. Spong and Romeo Ortega and N. E. Barabanov},
  title = {On tracking performance in bilateral teleoperation},
  journal = {IEEE Transactions on Robotics},
  year = {2006},
  volume = {22},
  pages = {861--866},
  number = {4},
  doi = {10.1109/TRO.2006.878942}
}

@INPROCEEDINGS{christiansson2008,
  author = {Göran A. V. Christiansson},
  title = {Wave Variables and the 4 Channel Architecture for Haptic Teleoperation},
  booktitle = {Haptics: Perception, Devices and Scenarios},
  year = {2008},
  volume = {5024},
  series = {Lecture Notes in Computer Science},
  pages = {169--174},
  publisher = {Springer Berlin / Heidelberg},
  doi = {10.1007/978-3-540-69057-3_20},
  isbn = {978-3-540-69056-6},
  issn = {0302-9743 (Print) 1611-3349 (Online)},
  subject_collection = {Computer Science}
}

@ARTICLE{ciutisalerno,
  author = {Ciuti, G. and Salerno, M. and Lucarini, G. and Valdastri, P. and
	Arezzo, A. and Menciassi, A. and Morino, M. and Dario, P.},
  title = {A Comparative Evaluation of Control Interfaces for a Robotic-Aided
	Endoscopic Capsule Platform},
  journal = {IEEE Transactions on Robotics},
  year = {2011},
  volume = {PP},
  pages = {1 -5},
  number = {99},
  month = { },
  doi = {10.1109/TRO.2011.2177173},
  issn = {1552-3098}
}

@ARTICLE{colgate1,
  author = {Colgate, J.E.},
  title = {Robust impedance shaping telemanipulation},
  journal = {IEEE Transactions on Robotics and Automation},
  year = {1993},
  volume = {9},
  pages = {374-384},
  number = {4},
  month = aug,
  doi = {10.1109/70.246049},
  issn = {1042-296X}
}

@INPROCEEDINGS{colgate4,
  author = {Colgate, J.E. and Brown, J.M.},
  title = {Factors affecting the Z-Width of a haptic display},
  booktitle = {IEEE International Conference on Robotics and Automation},
  year = {1994},
  volume = {4},
  pages = {3205 -3210},
  month = may,
  doi = {10.1109/ROBOT.1994.351077}
}

@ARTICLE{colgate2,
  author = {Colgate, J.E. and Schenkel, G.G.},
  title = {{Passivity of a class of sampled-data systems: Application to haptic
	interfaces}},
  journal = {Journal of Robotic Systems},
  year = {1997},
  volume = {14},
  pages = {37--47},
  number = {1},
  doi = {10.1002/(SICI)1097-4563(199701)14:1<37::AID-ROB4>3.0.CO;2-V},
  publisher = {New York, NY: Wiley, c1984-c2005.}
}

@INPROCEEDINGS{colgate5,
  author = {Colgate, J.E. and Stanley, M.C. and Brown, J.M.},
  title = {Issues in the haptic display of tool use},
  booktitle = {IEEE/RSJ International Conference on Intelligent Robots and Systems
	``Human Robot Interaction and Cooperative Robots"},
  year = {1995},
  volume = {3},
  pages = {140 -145 vol.3},
  month = aug,
  doi = {10.1109/IROS.1995.525875}
}

@ARTICLE{colgate3,
  author = {J. E. Colgate},
  title = {Coordinate Transformations and Logical Operations for Minimizing
	Conservativeness in Coupled Stability Criteria},
  journal = {Journal of Dynamic Systems, Measurement, and Control},
  year = {1994},
  volume = {116},
  pages = {643-649},
  number = {4},
  doi = {10.1115/1.2899263},
  publisher = {ASME}
}

@ARTICLE{colgate6,
  author = {J. Edward Colgate},
  title = {Coordinate Transformations and Logical Operations for Minimizing
	Conservativeness in Coupled Stability Criteria},
  journal = {Journal of Dynamic Systems, Measurement, and Control},
  year = {1994},
  volume = {116},
  pages = {643-649},
  number = {4},
  doi = {10.1115/1.2899263},
  publisher = {ASME}
}

@BOOK{desvid,
  title = {Feedback Systems: Input-Output Properties},
  publisher = {Academic Press, New York},
  year = {1975},
  author = {C. A. Desoer and M. Vidyasagar},
  pages = {280},
  series = {Electrical Science Series}
}

@INPROCEEDINGS{doylepackzhou,
  author = {Doyle, J. and Packard, A. and Zhou, K.},
  title = {Review of LFTs, LMIs, and $\mu$},
  booktitle = {Proceedings of the 30th IEEE Conference on Decision and Control},
  year = {1991},
  volume = {2},
  pages = {1227-1232},
  month = dec,
  doi = {10.1109/CDC.1991.261572}
}

@ARTICLE{edsin,
  author = {Edwards, M.L. and Sinsky, J.H.},
  title = {A new criterion for linear 2-port stability using a single geometrically
	derived parameter},
  journal = {IEEE Transactions on Microwave Theory and Techniques},
  year = {1992},
  volume = {40},
  pages = {2303-2311},
  number = {12},
  month = dec,
  doi = {10.1109/22.179894},
  issn = {0018-9480},
  keywords = {S-parameters, linear network analysis, multiport networks, stability
	criteriageometrically derived parameter, linear 2-port stability,
	mapping circles, stability parameter, two-port circuits}
}

@INPROCEEDINGS{eomsuhyi,
  author = {Eom, K.S. and Suh, I.H. and Yi, B.-J.},
  title = {A design method of a haptic interface controller considering transparency
	and robust stability},
  booktitle = {Proceedings of International Conference on Intelligent Robots and
	Systems, (IEEE/RSJ)},
  year = {2000},
  volume = {2},
  pages = {961 -966},
  doi = {10.1109/IROS.2000.893143}
}

@ARTICLE{eusebi,
  author = {Eusebi, L. and Melchiorri, C.},
  title = {Force reflecting telemanipulators with time-delay: stability analysis
	and control design},
  journal = {IEEE Transactions on Robotics and Automation},
  year = {1998},
  volume = {14},
  pages = {635 -640},
  number = {4},
  month = aug,
  doi = {10.1109/70.704237},
  issn = {1042-296X}
}

@ARTICLE{fantits,
  author = {Fan, M.K.H. and Tits, A.L. and Doyle, J.C.},
  title = {Robustness in the presence of mixed parametric uncertainty and unmodeled
	dynamics},
  journal = {Automatic Control, IEEE Transactions on},
  year = {1991},
  volume = {36},
  pages = {25 -38},
  number = {1},
  month = jan,
  doi = {10.1109/9.62265},
  issn = {0018-9286},
  keywords = {local extrema;parametric uncertainty;robust control design;stability;sufficient
	condition;unmodeled dynamics;upper bound;control system synthesis;dynamics;stability;}
}

@BOOK{francis,
  title = {A Course on $\mathcal{H}_\infty$ Control Theory},
  publisher = {Springer Berlin / Heidelberg},
  year = {1987},
  author = {Bruce A. Francis},
  volume = {88},
  series = {Lecture Notes in Control and Information Sciences},
  doi = {10.1007/BFb0007371}
}

@INCOLLECTION{niculescu,
  author = {Fu, M. and Li, H. and Niculescu, S.},
  title = {Robust stability and stabilization of time-delay systems via integral
	quadratic constraint approach},
  booktitle = {Stability and Control of Time-delay Systems},
  publisher = {Springer Berlin / Heidelberg},
  year = {1998},
  editor = {Dugard, L. and Verriest, E.},
  volume = {228},
  series = {Lecture Notes in Control and Information Sciences},
  pages = {101-116},
  affiliation = {The University of Newcastle Dept. Electrical &amp; Computer Engineering
	2308 NSW Australia 2308 NSW Australia},
  doi = {10.1007/BFb0027482}
}

@INPROCEEDINGS{fucavus,
  author = {Michael J. Fu and Murat Cenk \c{C}avu\c{s}o\u{g}lu},
  title = {Three-dimensional human arm and hand dynamics and variability model
	for a stylus-based haptic interface},
  booktitle = {IEEE International Conference on Robotics and Automation (ICRA)},
  year = {2010},
  pages = {1339 -1346},
  month = may,
  doi = {10.1109/ROBOT.2010.5509927},
  issn = {1050-4729}
}

@ARTICLE{gil2004,
  author = {Gil, J. J. and Avello, A. and Rubio, A. and Florez, J. },
  title = {Stability analysis of a 1 DOF haptic interface using the Routh-Hurwitz
	criterion},
  journal = IEEE_J_CST,
  year = {2004},
  volume = {12},
  pages = {583--588},
  number = {4},
  __markedentry = {[ilayn:]},
  doi = {10.1109/TCST.2004.825134}
}

@INPROCEEDINGS{grigil,
  author = {Griffiths, P.G. and Gillespie, R.B.},
  title = {Recovering haptic performance by relaxing passivity requirements},
  booktitle = {Third Joint World Haptics Conference},
  year = {2009},
  pages = {326 -331},
  month = mar,
  doi = {10.1109/WHC.2009.4810894}
}

@ARTICLE{haddadizaad,
  author = {Amir Haddadi and Keyvan Hashtrudi-Zaad},
  title = {Bounded-Impedance Absolute Stability of Bilateral Teleoperation Control
	Systems},
  journal = {IEEE Transactions on Haptics},
  year = {2009},
  volume = {3},
  pages = {15-27},
  address = {Los Alamitos, CA, USA},
  doi = {10.1109/TOH.2009.48},
  issn = {1939-1412},
  publisher = {IEEE Computer Society}
}

@ARTICLE{hannaford89,
  author = {Hannaford, B.},
  title = {A design framework for teleoperators with kinesthetic feedback},
  journal = {IEEE Transactions on Robotics and Automation},
  year = {1989},
  volume = {5},
  pages = {426--434},
  number = {4},
  month = aug,
  doi = {10.1109/70.88057},
  issn = {1042-296X},
  keywords = {feedback, graph theory, matrix algebra, robots, telecontrolSPICE model,
	energy exchange, force sensing, frequency-dependent h matrix, graph
	theory, hybrid two-port model, input-output properties, kinesthetic
	feedback, master, matrix algebra, robots, slave, telecontrol, teleoperators,
	velocity sensing}
}

@ARTICLE{hzaadsalcu,
  author = {Keyvan Hashtrudi-Zaad and Septimiu E. Salcudean},
  title = {{Analysis of Control Architectures for Teleoperation Systems with
	Impedance/Admittance Master and Slave Manipulators}},
  journal = {The International Journal of Robotics Research},
  year = {2001},
  volume = {20},
  pages = {419-445},
  number = {6},
  doi = {10.1177/02783640122067471}
}

@BOOK{haykin,
  title = {Active Network Theory},
  publisher = {Addison-Wesley},
  year = {1970},
  author = {Simon S. Haykin},
  series = {Addison-Wesley Series in Electrical Engineering}
}

@INPROCEEDINGS{helmersson,
  author = {Anders Helmersson},
  title = {An {IQC}-based Stability Criterion for Systems with Slowly Varying
	Parameters},
  booktitle = {14th World Congress of IFAC},
  year = {1999},
  volume = {F},
  pages = {525--530},
  address = {Beijing, China},
  month = Jul,
  organization = {IFAC}
}

@INPROCEEDINGS{hogan89,
  author = {Neville Hogan},
  title = {Controlling impedance at the man/machine interface},
  booktitle = {IEEE International Conference on Robotics and Automation (ICRA)},
  year = {1989},
  volume = {3},
  pages = {1626 -- 1631},
  month = may,
  doi = {10.1109/ROBOT.1989.100210}
}

@ARTICLE{hokayemspong,
  author = {Peter F. Hokayem and Mark W. Spong},
  title = {Bilateral teleoperation: An historical survey},
  journal = {Automatica},
  year = {2006},
  volume = {42},
  pages = {2035--2057},
  number = {12},
  doi = {10.1016/j.automatica.2006.06.027},
  issn = {0005-1098}
}

@INPROCEEDINGS{husalculoewen,
  author = {Hu, Z. and Salcudean, S.E. and Loewen, P.D.},
  title = {Robust controller design for teleoperation systems},
  booktitle = {IEEE International Conference on Systems, Man and Cybernetics},
  year = {1995},
  volume = {3},
  pages = {2127-2132},
  month = oct,
  doi = {10.1109/ICSMC.1995.538094}
}

@ARTICLE{hualiu,
  author = {Hua, C-.C. and Liu, X. P.},
  title = {Delay-Dependent Stability Criteria of Teleoperation Systems With
	Asymmetric Time-Varying Delays},
  journal = {IEEE Transactions on Robotics},
  year = {2010},
  volume = {PP},
  pages = {1 -8},
  number = {99},
  doi = {10.1109/TRO.2010.2053736},
  issn = {1552-3098}
}

@ARTICLE{genelKYP,
  author = {Tetsuya Iwasaki and Shinji Hara},
  title = {Generalized KYP lemma: unified frequency domain inequalities with
	design applications},
  journal = {IEEE Transactions on Automatic Control},
  year = {2005},
  volume = {50},
  pages = { 41 - 59},
  number = {1},
  month = jan,
  doi = {10.1109/TAC.2004.840475(410) 50},
  issn = {0018-9286}
}

@ARTICLE{iwasaki,
  author = {Tetsuya Iwasaki and Shinji Hara},
  title = {Well-posedness of feedback systems: insights into exact robustness
	analysis and approximate computations},
  journal = {IEEE Transactions on Automatic Control},
  year = {1998},
  volume = {43},
  pages = {619-630},
  number = {5},
  month = may,
  doi = {10.1109/9.668829},
  issn = {0018-9286}
}

@ARTICLE{jonsson,
  author = {Ulf J\"{o}nsson and Anders Rantzer},
  title = {Systems with Uncertain Parameters -- Time-Variations with Bounded
	Derivatives},
  journal = {International Journal of Robust and Nonlinear Control},
  year = {1996},
  volume = {6},
  pages = {969-982},
  number = {9/10}
}

@ARTICLE{junsafonov,
  author = {Myungsoo Jun and Safonov, M.G.},
  title = {Rational multiplier {IQC}s for uncertain time-delays and {LMI} stability
	conditions},
  journal = {IEEE Transactions on Automatic Control},
  year = {2002},
  volume = {47},
  pages = { 1871 - 1875},
  number = {11},
  month = nov,
  doi = {10.1109/TAC.2002.804477},
  issn = {0018-9286}
}

@ARTICLE{koroglu,
  author = {Hakan K\"{o}ro\u{g}lu and Carsten W. Scherer},
  title = {Robust Performance Analysis for Structured Linear Time-Varying Perturbations
	With Bounded Rates-of-Variation},
  journal = {IEEE Transactions on Automatic Control},
  year = {2007},
  volume = {52},
  pages = {197 -211},
  number = {2},
  month = feb,
  doi = {10.1109/TAC.2006.890482},
  issn = {0018-9286}
}

@INPROCEEDINGS{koroglu2,
  author = {Hakan K\"{o}ro\u{g}lu and Carsten W. Scherer},
  title = {Robust Stability Analysis against Perturbations of Smoothly Time-Varying
	Parameters},
  booktitle = {45th IEEE Conference on Decision and Control},
  year = {2006},
  pages = {2895 -2900},
  month = dec,
  doi = {10.1109/CDC.2006.376805}
}

@ARTICLE{kaorantzer,
  author = {Chung-Yao Kao and Anders Rantzer},
  title = {Stability analysis of systems with uncertain time-varying delays},
  journal = {Automatica},
  year = {2007},
  volume = {43},
  pages = {959 - 970},
  number = {6},
  doi = {DOI: 10.1016/j.automatica.2006.12.006},
  issn = {0005-1098}
}

@ARTICLE{kazeroonitsay,
  author = {Kazerooni, H. and Tsay, T.-I. and Hollerbach, K.},
  title = {A controller design framework for telerobotic systems},
  journal = {IEEE Transactions on Control Systems Technology},
  year = {1993},
  volume = {1},
  pages = {50-62},
  number = {1},
  month = mar,
  doi = {10.1109/87.221351},
  issn = {1063-6536}
}

@ARTICLE{khademian11,
  author = {Behzad Khademian and Keyvan Hashtrudi-Zaad},
  title = {Shared control architectures for haptic training: Performance and
	coupled stability analysis},
  journal = {The International Journal of Robotics Research},
  year = {2011},
  volume = {30},
  pages = {1627-1642},
  number = {13},
  doi = {10.1177/0278364910397559}
}

@INPROCEEDINGS{khademian,
  author = {Behzad Khademian and Keyvan Hashtrudi-Zaad},
  title = {Unconditional stability analysis of dual-user teleoperation systems},
  booktitle = {Proceedings of IEEE Haptics Symposium},
  year = {2010},
  pages = {161 -166},
  month = mar,
  doi = {10.1109/HAPTIC.2010.5444660}
}

@BOOK{khalil,
  title = {Nonlinear Systems},
  publisher = {Prentice Hall},
  year = {2002},
  author = {Hassan K. Khalil},
  edition = {3}
}

@ARTICLE{kimcavusoglu,
  author = {Keehoon Kim and Murat Cenk \c{C}avu\c{s}o\u{g}lu and Wan Kyun Chung},
  title = {Quantitative Comparison of Bilateral Teleoperation Systems Using
	$\mu$-Synthesis},
  journal = {IEEE Transactions on Robotics},
  year = {2007},
  volume = {23},
  pages = {776 -789},
  number = {4},
  month = aug,
  doi = {10.1109/TRO.2007.900625},
  issn = {1552-3098}
}

@ARTICLE{ku,
  author = {Walter H. Ku},
  title = {Unilateral gain and stability criterion of active two-ports in terms
	of scattering parameters},
  journal = {Proceedings of the IEEE},
  year = {1966},
  volume = {54},
  pages = {1617 - 1618},
  number = {11},
  month = nov.,
  doi = {10.1109/PROC.1966.5229},
  issn = {0018-9219}
}

@ARTICLE{kuochu,
  author = {Rong-Fa Kuo and Tah-Hsiung Chu},
  title = {Unconditional Stability Boundaries of a Three-Port Network},
  journal = {IEEE Transactions on Microwave Theory and Techniques},
  year = {2010},
  volume = {58},
  pages = {363 -371},
  number = {2},
  month = feb,
  doi = {10.1109/TMTT.2009.2038660},
  issn = {0018-9480}
}

@ARTICLE{kurokawa,
  author = {K. Kurokawa},
  title = {Power Waves and Scattering Matrix},
  journal = {IEEE Transactions on Microwave Theory and Techniques},
  year = {1965},
  volume = {13},
  pages = {194-202},
  number = {3},
  month = Mar,
  doi = {10.1109/TMTT.1965.1125964}
}

@INPROCEEDINGS{yalmip,
  author = {Johan L\"{o}fberg},
  title = {{ YALMIP} : A Toolbox for Modeling and Optimization in {MATLAB}},
  booktitle = { Proceedings of the CACSD Conference },
  year = { 2004 },
  address = { Taipei, Taiwan },
  url = { http://users.isy.liu.se/johanl/yalmip }
}

@INPROCEEDINGS{laroche,
  author = {Laroche, E. and Barb\'{e} and, L. and Bayle, B. and de Mathelin,
	M.},
  title = {A methodology for identification of uncertain {LFR} model of the
	human operator for telemanipulation with force-feedback},
  booktitle = {49th IEEE Conference on Decision and Control (CDC)},
  year = {2010},
  pages = {2005 -2010},
  month = dec,
  doi = {10.1109/CDC.2010.5717433},
  issn = {0743-1546}
}

@ARTICLE{lawrence,
  author = {Dale Lawrence},
  title = {Stability and transparency in bilateral teleoperation},
  journal = {IEEE Transactions on Robotics and Automation},
  year = {1992},
  volume = {9},
  pages = {625--637},
  number = {5},
  doi = {10.1109/70.258054}
}

@ARTICLE{leespong,
  author = {Dongjun Lee and Mark W. Spong},
  title = {Passive Bilateral Teleoperation With Constant Time Delay},
  journal = {Robotics, IEEE Transactions on},
  year = {2006},
  volume = {22},
  pages = {269 -281},
  number = {2},
  month = {april },
  doi = {10.1109/TRO.2005.862037},
  issn = {1552-3098},
  keywords = {Lyapunov-Krasovskii technique;Parseval's identity;constant time delay;control
	framework;controller passivity concept;delayed communication channels;multi-degree-of-freedom
	nonlinear robotic systems;passive bilateral teleoperation;proportional-derivative
	control;PD control;delays;feedback;nonlinear control systems;position
	control;telerobotics;}
}

@ARTICLE{leungfa,
  author = {Leung, G.M.H. and Francis, B.A. and Apkarian, J.},
  title = {Bilateral controller for teleoperators with time delay via $\mu$-synthesis},
  journal = {IEEE Transactions on Robotics and Automation},
  year = {1995},
  volume = {11},
  pages = {105-116},
  number = {1},
  month = feb,
  doi = {10.1109/70.345941},
  issn = {1042-296X}
}

@ARTICLE{llewellyn,
  author = {Frederick B. Llewellyn},
  title = {Some fundamental properties of transmission systems},
  journal = {Proceedings of the IRE},
  year = {1952},
  volume = {40},
  pages = {271--283},
  number = {3},
  doi = {10.1109/JRPROC.1952.273783}
}

@ARTICLE{lombardi,
  author = {Giancarlo Lombardi and Bruno Neri},
  title = {Criteria for the evaluation of unconditional stability of microwave
	linear two-ports: a critical review and new proof},
  journal = {IEEE Transactions on Microwave Theory and Techniques},
  year = {1999},
  volume = {47},
  pages = {746--751},
  number = {6},
  doi = {10.1109/22.769346}
}

@INPROCEEDINGS{lozano,
  author = {Rogelio Lozano and Nikhil Chopra and Mark Spong},
  title = {Passivation Of Force Reflecting Bilateral Teleoperators With Time
	Varying Delay},
  booktitle = {Proceedings of the 8. Mechatronics Forum},
  year = {2002},
  pages = {24--26}
}

@ARTICLE{megretski,
  author = {Megretski, A. and Rantzer, A.},
  title = {System analysis via integral quadratic constraints},
  journal = {IEEE Transactions on Automatic Control},
  year = {1997},
  volume = {42},
  pages = {819-830},
  number = {6},
  month = jun,
  doi = {10.1109/9.587335},
  issn = {0018-9286}
}

@ARTICLE{meinsmafu,
  author = {Meinsma, G. and Shrivastava, Y. and Minyue Fu},
  title = {A dual formulation of mixed $\mu$ and on the losslessness of $(D,
	G)$ scaling},
  journal = {IEEE Transactions on Automatic Control},
  year = {1997},
  volume = {42},
  pages = {1032 -1036},
  number = {7},
  month = jul,
  doi = {10.1109/9.599990},
  issn = {0018-9286}
}

@INPROCEEDINGS{naghsh,
  author = {Naghshtabrizi, P. and Hespanha, J.P.},
  title = {Designing transparent stabilizing haptic controllers},
  booktitle = {American Control Conference, 2006},
  year = {2006},
  pages = {2475 -- 2480},
  month = jun,
  doi = {10.1109/ACC.2006.1656593}
}

@ARTICLE{nieslotine2,
  author = {G\"{u}nter Niemeyer and Jean Jacques Slotine},
  title = {Telemanipulation with Time Delays},
  journal = {The International Journal of Robotics Research},
  year = {2004},
  volume = {23},
  pages = {873-890},
  number = {9},
  month = sep,
  doi = {10.1177/0278364904045563}
}

@ARTICLE{nieslotine,
  author = {G\"{u}nter Niemeyer and Jean Jacques Slotine},
  title = {Stable adaptive teleoperation},
  journal = {IEEE Journal of Oceanic Engineering},
  year = {1991},
  volume = {16},
  pages = {152--162},
  number = {1},
  month = jan,
  doi = {10.1109/48.64895},
  issn = {0364-9059}
}

@ARTICLE{nunobasanez,
  author = {Emmanuel Nuño and Luis Basañez and Romeo Ortega and Mark W. Spong},
  title = {{Position Tracking for Non-linear Teleoperators with Variable Time
	Delay}},
  journal = {The International Journal of Robotics Research},
  year = {2009},
  volume = {28},
  pages = {895-910},
  number = {7},
  doi = {10.1177/0278364908099461},
  eprint = {http://ijr.sagepub.com/content/28/7/895.full.pdf+html}
}

@ARTICLE{packdoyle,
  author = {A. Packard and J. Doyle},
  title = {The complex structured singular value},
  journal = {Automatica},
  year = {1993},
  volume = {29},
  pages = {71 - 109},
  number = {1},
  doi = {DOI: 10.1016/0005-1098(93)90175-S},
  issn = {0005-1098}
}

@INPROCEEDINGS{packardteng,
  author = {Andy Packard and Jang Teng},
  title = {Robust Stability with Time Varying Perturbations},
  booktitle = {Proceedings of 28th Allerton Conference},
  year = {1990},
  review = {http://jagger.me.berkeley.edu/~pack/library/JangTengMS.pdf}
}

@INPROCEEDINGS{parkcho,
  author = {Jong Hyeon Park and Hyun Chul Cho},
  title = {Sliding-mode controller for bilateral teleoperation with varying
	time delay},
  booktitle = {IEEE/ASME International Conference on Advanced Intelligent Mechatronics,},
  year = {1999},
  pages = {311 -316},
  doi = {10.1109/AIM.1999.803184}
}

@ARTICLE{carolina,
  author = {Carolina Passenberg and Angelika Peer and Martin Buss},
  title = {A survey of environment-, operator-, and task-adapted controllers
	for teleoperation systems},
  journal = {Mechatronics},
  year = {2010},
  volume = {20},
  pages = {787 - 801},
  number = {7},
  note = {Special Issue on Design and Control Methodologies in Telerobotics},
  doi = {DOI: 10.1016/j.mechatronics.2010.04.005},
  issn = {0957-4158}
}

@INPROCEEDINGS{Peer2008b,
  author = {Angelika Peer and Martin Buss},
  title = {Robust stability analysis of a bilateral teleoperation system using
	the parameter space approach},
  booktitle = {Proc. IEEE/RSJ Int. Conf. Intelligent Robots and Systems IROS 2008},
  year = {2008},
  pages = {2350--2356},
  doi = {10.1109/IROS.2008.4650582}
}

@BOOK{pinkus,
  title = {N-widths in Approximation Theory, , 1980},
  publisher = {Springer Verlag, New York},
  year = {1980},
  author = {A. Pinkus}
}

@ARTICLE{pirola,
  author = {Marco Pirola and Giovanni Ghione},
  title = {Immittance and ${ S}$-Parameter-Based Criteria for the Unconditional
	Stability of Linear Two-Ports: Relations and Invariance Properties},
  journal = {IEEE Transactions on Microwave Theory and Techniques},
  year = {2009},
  volume = {57},
  pages = {519 -523},
  number = {3},
  month = Mar,
  doi = {10.1109/TMTT.2009.2013310}
}

@INPROCEEDINGS{polatACC11,
  author = {{\.I}lhan Polat},
  title = {Stability analysis of bilateral teleoperation systems with time-varying
	environments},
  booktitle = {American Control Conference (ACC), 2011},
  year = {2011},
  pages = {1139 -1144},
  month = {29 2011-july 1},
  issn = {0743-1619}
}

@INPROCEEDINGS{polatIFAC11,
  author = {{\.I}lhan Polat},
  title = {A Note on Passivity Based Stability Conditions for Bilateral Teleoperation},
  booktitle = {Proceedings of 18th IFAC World Congress, Milano},
  year = {2011},
  doi = {10.3182/20110828-6-IT-1002.00665}
}

@INPROCEEDINGS{polatWH11,
  author = {{\.I}lhan Polat},
  title = {An {IQC} formulation of stability analysis for bilateral teleoperation
	systems with time delays},
  booktitle = {Proceedings of IEEE World Haptics Conference, (WHC)},
  year = {2011},
  pages = {505--509},
  month = jun,
  doi = {10.1109/WHC.2011.5945537}
}

@ARTICLE{polatiet,
  author = {{\.I}lhan Polat and Esref Eskinat and I. Emre Kose},
  title = {Dynamic output feedback control of quasi-LPV mechanical systems},
  journal = {IET Control Theory Applications},
  year = {2007},
  volume = {1},
  pages = {1114 -- 1121},
  number = {4},
  month = jul,
  doi = {10.1049/iet-cta:20060326},
  issn = {1751-8644}
}

@BOOK{behavbook,
  title = {{Introduction to Mathematical Systems Theory: A behavioral approach}},
  publisher = {Springer New York},
  year = {1998},
  author = {Jan W. Polderman and Jan C. Willems},
  volume = {26},
  series = {Texts In Applied Mathematics}
}

@ARTICLE{raisbeck,
  author = {Raisbeck, G.},
  title = {A Definition of Passive Linear Networks in Terms of Time and Energy},
  journal = {Journal of Applied Physics},
  year = {1954},
  volume = {25},
  pages = {1510 -1514},
  number = {12},
  month = dec,
  doi = {10.1063/1.1702374},
  issn = {0021-8979}
}

@ARTICLE{rantzerkyp,
  author = {Anders Rantzer},
  title = {On the {K}alman--{Y}akubovich--{P}opov Lemma},
  journal = {Systems \& Control Letters},
  year = {1996},
  volume = {28},
  pages = {7 - 10},
  number = {1},
  doi = {DOI: 10.1016/0167-6911(95)00063-1},
  issn = {0167-6911}
}

@ARTICLE{Richard,
  author = {Jean-Pierre Richard},
  title = {Time-delay systems: {A}n overview of some recent advances and open
	problems},
  journal = {Automatica},
  year = {2003},
  volume = {39},
  pages = {1667 - 1694},
  number = {10},
  doi = {DOI: 10.1016/S0005-1098(03)00167-5},
  issn = {0005-1098}
}

@ARTICLE{rodriseda,
  author = {Erick J. Rodr\'{i}guez-Seda and Dongjun Lee and Mark W. Spong},
  title = {Experimental Comparison Study of Control Architectures for Bilateral
	Teleoperators},
  journal = {IEEE Transactions on Robotics},
  year = {2009},
  volume = {25},
  pages = {1304 -1318},
  number = {6},
  month = dec,
  doi = {10.1109/TRO.2009.2032964},
  issn = {1552-3098}
}

@INPROCEEDINGS{rodriseda09,
  author = {Erick J. Rodr\'{i}guez-Seda and Mark W. Spong},
  title = {A time-varying wave impedance approach for transparency compensation
	in bilateral teleoperation},
  booktitle = {IEEE/RSJ International Conference on Intelligent Robots and Systems
	(IROS)},
  year = {2009},
  pages = {4609 -- 4615},
  month = {oct.},
  doi = {10.1109/IROS.2009.5354459}
}

@ARTICLE{rollett,
  author = {Rollett, J.},
  title = {Stability and Power-Gain Invariants of Linear Twoports},
  journal = {IRE Transactions on Circuit Theory},
  year = {1962},
  volume = {9},
  pages = { 29-32},
  number = {1},
  month = mar,
  doi = {10.1109/TCT.1962.1086854},
  issn = {0096-2007}
}

@ARTICLE{ryu,
  author = {Jee-Hwan Ryu and Jordi Artigas and Carsten Preusche},
  title = {A passive bilateral control scheme for a teleoperator with time-varying
	communication delay},
  journal = {Mechatronics},
  year = {2010},
  volume = {20},
  pages = {812 - 823},
  number = {7},
  note = {Special Issue on Design and Control Methodologies in Telerobotics},
  doi = {DOI:10.1016/j.mechatronics.2010.07.006},
  issn = {0957-4158}
}

@ARTICLE{ryukwonhanna,
  author = {Jee-Hwan Ryu and Dong-Soo Kwon and Hannaford, B.},
  title = {Stability guaranteed control: time domain passivity approach},
  journal = {IEEE Transactions on Control Systems Technology},
  year = {2004},
  volume = {12},
  pages = { 860-868},
  number = {6},
  month = nov,
  doi = {10.1109/TCST.2004.833648},
  issn = {1063-6536},
  keywords = { control systems, stability control stability, control systems, real
	output energy, time domain passivity control approach, unified network
	model, virtual input energy}
}

@ARTICLE{ryukwonhanna2,
  author = {Jee-Hwan Ryu and Dong-Soo Kwon and Hannaford, B.},
  title = {Stable teleoperation with time-domain passivity control},
  journal = {IEEE Transactions on Robotics and Automation},
  year = {2004},
  volume = {20},
  pages = { 365-373},
  number = {2},
  month = apr,
  doi = {10.1109/TRA.2004.824689},
  issn = {1042-296X},
  keywords = { observers, stability, telecontrol, time-domain synthesis bilateral
	control scheme, passivity observer, stable teleoperation system,
	system stability, time-domain passivity control}
}

@BOOK{safonov,
  title = {Stability and Robustness of Multivariable Feedback Systems},
  publisher = {MIT Press, Cambridge, MA},
  year = {1980},
  author = {M. G. Safonov}
}

@INPROCEEDINGS{scherer2009,
  author = {Carsten W. Scherer},
  title = {Robust Controller Synthesis is Convex for Systems without Control
	Channel Uncertainties},
  booktitle = {Model-Based Control : Bridging Rigorous Theory and Advanced Technology},
  year = {2009},
  pages = {13--30},
  publisher = {Springer US},
  doi = {10.1007/978-1-4419-0895-7_2},
  isbn = {978-1-4419-0896-4 (Print) 978-1-4419-0895-7 (Online)}
}

@ARTICLE{cwssimax,
  author = {Carsten W. Scherer},
  title = {Relaxations for Robust Linear Matrix Inequality Problems with Verifications
	for Exactness},
  journal = {SIAM Journal on Matrix Analysis and Applications},
  year = {2005},
  volume = {27},
  pages = {365-395},
  number = {2},
  doi = {10.1137/S0895479803430953},
  publisher = {SIAM}
}

@ARTICLE{carsten2,
  author = {Carsten W. Scherer},
  title = {{LPV} Control and Full Block Multipliers},
  journal = {Automatica},
  year = {2001},
  volume = {37},
  pages = {361 - 375},
  number = {3},
  doi = {DOI: 10.1016/S0005-1098(00)00176-X},
  issn = {0005-1098}
}

@ARTICLE{schererkose,
  author = {Carsten W. Scherer and \{.I}. Emre K{\"o}se},
  title = {Robustness with dynamic {IQC}s: An exact state-space characterization
	of nominal stability with applications to robust estimation},
  journal = {Automatica},
  year = {2008},
  volume = {44},
  pages = {1666 - 1675},
  number = {7},
  doi = {DOI: 10.1016/j.automatica.2007.10.023},
  issn = {0005-1098}
}

@INPROCEEDINGS{schererkose3,
  author = {Carsten W. Scherer and \{.I}. Emre K{\"o}se},
  title = {On robust controller synthesis with dynamic D-scalings},
  booktitle = {46th IEEE Conference on Decision and Control},
  year = {2007},
  pages = {818 -823},
  month = dec,
  doi = {10.1109/CDC.2007.4434634},
  issn = {0191-2216}
}

@BOOK{schererbook00,
  title = {Linear Matrix Inequalities in Control},
  publisher = {Unpublished Lecture Notes, Online Available},
  year = {2005},
  author = {Carsten W. Scherer and Siep Weiland}
}

@INPROCEEDINGS{scorletti,
  author = {Scorletti, G.},
  title = {Robustness analysis with time-delays},
  booktitle = {Proceedings of the 36th IEEE Conference on Decision and Control},
  year = {1997},
  volume = {4},
  pages = {3824--3829},
  month = dec,
  doi = {10.1109/CDC.1997.652457}
}

@ARTICLE{scorlettighaoui,
  author = {G\'{e}rard Scorletti and Laurent {El~Ghaoui}},
  title = {Improved {LMI} conditions for gain scheduling and related control
	problems},
  journal = {International Journal of Robust and Nonlinear Control},
  year = {1998},
  volume = {8},
  pages = {845--877},
  number = {10},
  doi = {10.1002/(SICI)1099-1239(199808)8:10<845::AID-RNC350>3.0.CO;2-I},
  issn = {1099-1239},
  publisher = {Wiley Subscription Services, Inc., A Wiley Company}
}

@ARTICLE{shahdi2009,
  author = {Shahdi, A. and Sirouspour, S.},
  title = {Adaptive/Robust Control for Time-Delay Teleoperation},
  journal = IEEE_J_RO,
  year = {2009},
  volume = {25},
  pages = {196--205},
  number = {1},
  doi = {10.1109/TRO.2008.2010963}
}

@INPROCEEDINGS{shahdisirospour,
  author = {Shahdi, A. and Sirouspour, S.},
  title = {Improved transparency in bilateral teleoperation with variable time
	delay},
  booktitle = {IEEE/RSJ International Conference on Intelligent Robots and Systems,
	(IROS)},
  year = {2009},
  pages = {4616 -4621},
  month = oct,
  doi = {10.1109/IROS.2009.5354426}
}

@ARTICLE{stern,
  author = {A. P. Stern},
  title = {Stability and Power Gain of Tuned Transistor Amplifiers},
  journal = {Proceedings of the IRE},
  year = {1957},
  volume = {45},
  pages = {335--343},
  number = {3},
  doi = {10.1109/JRPROC.1957.278369}
}

@ARTICLE{sedumi,
  author = {Jos F.~Sturm},
  title = {{Using SeDuMi 1.02, a Matlab Toolbox for Optimization Over Symmetric
	Cones,}},
  journal = {Optimization Methods and Software},
  year = {1999},
  volume = {11},
  pages = {625--653},
  number = {12}
}

@ARTICLE{sdpt3,
  author = {{T\"{u}t\"{u}nc\"{u}}, R. H. and Toh, K. C. and Todd, M. J.},
  title = {Solving semidefinite-quadratic-linear programs using {SDPT3}},
  journal = {Mathematical Programming},
  year = {2003},
  volume = {95},
  pages = {189-217},
  number = {2},
  doi = {10.1007/s10107-002-0347-5},
  publisher = {Springer Berlin / Heidelberg}
}

@ARTICLE{tan,
  author = {Eng Leong Tan},
  title = {Simplified graphical analysis of linear three-port stability},
  journal = {IEE Proceedings Microwaves, Antennas and Propagation},
  year = {2005},
  volume = {152},
  pages = { 209 - 213},
  number = {4},
  month = aug,
  doi = {10.1049/ip-map:20045035},
  issn = {1350-2417}
}

@INPROCEEDINGS{poorten,
  author = {Van der Poorten, E. and Kanno, T. and Yokokohji, Y.},
  title = {Robust variable-scale bilateral control for micro teleoperation},
  booktitle = {IEEE International Conference on Robotics and Automation, ICRA},
  year = {2008},
  pages = {655-662},
  month = may,
  doi = {10.1109/ROBOT.2008.4543280},
  issn = {1050-4729},
  keywords = {Hinfin control, linear matrix inequalities, robust controlHinfin controllers,
	gain-scheduling, linear matrix inequalities, micro teleoperation,
	polytopic linear parameter-varying, robust variable-scale bilateral
	control}
}

@INPROCEEDINGS{veenmanIFAC,
  author = {Joost Veenman and Carsten W. Scherer},
  title = {{IQC}-Synthesis with General Dynamic Multipliers},
  booktitle = {Proceedings of 18th IFAC World Congress, Milano},
  year = {2011},
  pages = {4600--4605},
  doi = {10.3182/20110828-6-IT-1002.00776}
}

@INPROCEEDINGS{joostCDC10,
  author = {Joost Veenman and Carsten W. Scherer},
  title = {On robust {LPV} controller synthesis: A dynamic {I}ntegral {Q}uadratic
	{C}onstraint based approach},
  booktitle = {49th IEEE Conference on Decision and Control (CDC)},
  year = {2010},
  pages = {591 -596},
  month = {dec.},
  doi = {10.1109/CDC.2010.5717992},
  issn = {0743-1546}
}

@ARTICLE{wangsunchou,
  author = {Yan Wang and Zengqi Sun and Wusheng Chou},
  title = {Robust Controller Design for Teleoperation Systems with Time-Varying
	Delays},
  journal = {Measuring Technology and Mechatronics Automation, International Conference
	on},
  year = {2010},
  volume = {3},
  pages = {266-269},
  address = {Los Alamitos, CA, USA},
  doi = {10.1109/ICMTMA.2010.779},
  isbn = {978-0-7695-3962-1},
  publisher = {IEEE Computer Society}
}

@INPROCEEDINGS{willaert,
  author = {Willaert, B. and Corteville, B. and Reynaerts, D. and Van Brussel,
	H. and Vander Poorten, E.B.},
  title = {Bounded Environment Passivity of the Classical Position-Force Teleoperation
	Controller},
  booktitle = {IEEE/RSJ International Conference on Intelligent Robots and Systems
	(IROS)},
  year = {2009},
  pages = {4622 -4628},
  month = {10-15},
  doi = {10.1109/IROS.2009.5354510}
}

@ARTICLE{willaertIJRR10,
  author = {Bert Willaert and Corteville, B and Reynaerts, D and Van Brussel,
	H and Vander Poorten, E B},
  title = {A Mechatronic Analysis of the Classical Position-Force Controller
	Based on Bounded Environment Passivity},
  journal = {The International Journal of Robotics Research},
  year = {2010},
  volume = {30},
  pages = {444-462},
  number = {4},
  doi = {10.1177/0278364910378334}
}

@ARTICLE{woods,
  author = {Woods, D.},
  title = {Reappraisal of the unconditional stability criteria for active 2-port
	networks in terms of S parameters},
  journal = {IEEE Transactions on Circuits and Systems},
  year = {1976},
  volume = {23},
  pages = { 73-81},
  number = {2},
  month = feb,
  doi = {10.1109/TCS.1976.1084179},
  issn = {0098-4094 }
}

@ARTICLE{yansalcu,
  author = {Yan, J. and Salcudean, S.E.},
  title = {Teleoperation controller design using $\mathcal{H}_\infty$-optimization
	with application to motion-scaling},
  journal = {IEEE Transactions on Control Systems Technology},
  year = {1996},
  volume = {4},
  pages = {244-258},
  number = {3},
  month = may,
  doi = {10.1109/87.491198},
  issn = {1063-6536}
}

@INPROCEEDINGS{yokokohji,
  author = {Yokokohji, Y. and Imaida, T. and Yoshikawa, T.},
  title = {Bilateral teleoperation under time-varying communication delay},
  booktitle = {IEEE/RSJ International Conference on Intelligent Robots and Systems,(IROS)},
  year = {1999},
  volume = {3},
  pages = {1854 -1859},
  doi = {10.1109/IROS.1999.811748}
}

@ARTICLE{yokokohjiyoshikawa,
  author = {Yasuyoshi Yokokohji and Tsuneo Yoshikawa},
  title = {Bilateral control of master-slave manipulators for ideal kinesthetic
	coupling-formulation and experiment},
  journal = {IEEE Transactions on Robotics and Automation},
  year = {1994},
  volume = {10},
  pages = {605 -620},
  number = {5},
  month = {oct},
  doi = {10.1109/70.326566},
  issn = {1042-296X}
}

@ARTICLE{zhang,
  author = {Jianrong Zhang and Carl R. Knopse and Panagiotis Tsiotras},
  title = {Stability of Time-Delay Systems: Equivalence between Lyapunov and
	Scaled Small-Gain Conditions},
  journal = {IEEE Transactions on Automatic Control},
  year = {2001},
  volume = {46},
  pages = {482 - 486},
  number = {3},
  month = mar,
  doi = {10.1109/9.911428}
}

@BOOK{zhoubook,
  title = {Robust and Optimal Control},
  publisher = {Prentice-Hall, Upper Saddle River},
  year = {1996},
  author = {Kemin Zhou and John C. Doyle and Keith Glover}
}

@comment{jabref-meta: selector_publisher:}

@comment{jabref-meta: selector_author:}

@comment{jabref-meta: selector_journal:}

@comment{jabref-meta: selector_keywords:}

